<record><leader>00000cas a22000007a 4500</leader><controlfield tag="001">26667777</controlfield><controlfield tag="008">920925d18771880nyuwr ne      0    0eng d</controlfield><datafield ind1=" " ind2=" " tag="010"><subfield code="a">sn 92062133 </subfield></datafield><datafield ind1=" " ind2=" " tag="040"><subfield code="a">NYS</subfield><subfield code="b">eng</subfield><subfield code="c">NYS</subfield><subfield code="d">OCLCQ</subfield></datafield><datafield ind1=" " ind2=" " tag="042"><subfield code="a">msc</subfield></datafield><datafield ind1="0" ind2=" " tag="130"><subfield code="a">County record (Salamanca, N.Y.)</subfield></datafield><datafield ind1="1" ind2="0" tag="245"><subfield code="a">County record.</subfield></datafield><datafield ind1=" " ind2=" " tag="260"><subfield code="a">Salamanca, N.Y. :</subfield><subfield code="b">G.W. Mason</subfield></datafield><datafield ind1=" " ind2=" " tag="300"><subfield code="a">v.s.</subfield></datafield><datafield ind1=" " ind2=" " tag="310"><subfield code="a">Weekly</subfield></datafield><datafield ind1="1" ind2=" " tag="362"><subfield code="a">Began in 1877? Ceased in 1880?</subfield><subfield code="z">Cf. Wilensky, Y.A Bibliography of newspapers in 2 N.Y. counties.</subfield></datafield><datafield ind1=" " ind2=" " tag="588"><subfield code="a">Description based on: Vol. 4, no. 18 (May 14, 1880).</subfield></datafield><datafield ind1=" " ind2="4" tag="651"><subfield code="a">Salamanca (N.Y.)</subfield><subfield code="v">Newspapers.</subfield></datafield><datafield ind1=" " ind2="4" tag="651"><subfield code="a">Cattaraugus County (N.Y.)</subfield><subfield code="v">Newspapers.</subfield></datafield><datafield ind1=" " ind2=" " tag="752"><subfield code="a">United States</subfield><subfield code="b">New York</subfield><subfield code="c">Cattaraugus</subfield><subfield code="d">Salamanca.</subfield></datafield><datafield ind1="0" ind2="0" tag="785"><subfield code="t">Salamanca gazette</subfield></datafield><datafield ind1="1" ind2=" " tag="029"><subfield code="a">AU@</subfield><subfield code="b">000020717837</subfield></datafield></record>